% This file was created with JabRef 2.7.
% Encoding: GBK

@ARTICLE{abel2003effects,
  author = {Abel, Andrew B},
  title = {The Effects of a Baby Boom on Stock Prices and Capital Accumulation
	in the Presence of Social Security},
  journal = {Econometrica},
  year = {2003},
  volume = {71},
  pages = {551},
  number = {2},
  publisher = {Proquest ABI/INFORM}
}

@ARTICLE{ang2003no,
  author = {Ang, Andrew and Piazzesi, Monika},
  title = {A no-arbitrage vector autoregression of term structure dynamics with
	macroeconomic and latent variables},
  journal = {Journal of Monetary economics},
  year = {2003},
  volume = {50},
  pages = {745--787},
  number = {4},
  publisher = {Elsevier}
}

@ARTICLE{bakshi1994baby,
  author = {Bakshi, Gurdip S and Chen, Zhiwu},
  title = {Baby boom, population aging, and capital markets},
  journal = {Journal of Business},
  year = {1994},
  pages = {165--202},
  publisher = {JSTOR}
}

@ARTICLE{balduzzi1998central,
  author = {Balduzzi, Pierluigi and Das, Sanjiv Ranjan and Foresi, Silverio},
  title = {The Central Tendency: A Second Factor In Bond Yields},
  journal = {The Review of Economics and Statistics},
  year = {1998},
  volume = {80},
  pages = {62--72},
  number = {1},
  publisher = {MIT Press}
}

@ARTICLE{bernanke2003monetary,
  author = {Bernanke, Ben S. and Boivin, Jean},
  title = {Monetary policy in a data-rich environment},
  journal = {Journal of Monetary Economics},
  year = {2003},
  volume = {50},
  pages = {525--546},
  number = {3},
  publisher = {Elsevier}
}

@ARTICLE{bis2005,
  author = {BIS},
  title = {Zero-Coupon Yield Curves: Technical Documentation},
  journal = {Bank for International Settlements, Basle},
  year = {2005},
  timestamp = {2012.05.26}
}

@ARTICLE{black1973pricing,
  author = {Black, Fischer and Scholes, Myron},
  title = {The pricing of options and corporate liabilities},
  journal = {The journal of political economy},
  year = {1973},
  pages = {637--654},
  publisher = {JSTOR}
}

@ARTICLE{brennan1979continuous,
  author = {Brennan, Micheal J. and Schwartz, Eduardo S.},
  title = {A continuous time approach to the pricing of bonds},
  journal = {Journal of Banking \& Finance},
  year = {1979},
  volume = {3},
  pages = {133--155},
  number = {2},
  publisher = {Elsevier}
}

@BOOK{brigo2007interest,
  title = {Interest rate models-theory and practice: with smile, inflation and
	credit},
  publisher = {Springer},
  year = {2007},
  author = {Brigo, Damiano and Mercurio, Fabio}
}

@ARTICLE{brooks2002asset,
  author = {Brooks, Robin},
  title = {Asset-market effects of the baby boom and social-security reform},
  journal = {American Economic Review},
  year = {2002},
  pages = {402--406},
  publisher = {JSTOR}
}

@ARTICLE{brunetti2007population,
  author = {Brunetti, Marianna },
  title = {Population ageing, household portfolios and financial asset returns:
	A survey of the literature},
  journal = {Politica economica},
  year = {2007},
  volume = {23},
  pages = {171--208},
  number = {2},
  publisher = {Societ{\`a} editrice il Mulino}
}

@ARTICLE{campbell1987stock,
  author = {Campbell, John.Y.},
  title = {Stock returns and the term structure},
  journal = {Journal of financial economics},
  year = {1987},
  volume = {18},
  pages = {373--399},
  number = {2},
  publisher = {Elsevier}
}

@ARTICLE{clarida2003out,
  author = {Clarida, Richard H and Sarno, Lucio and Taylor, Mark P and Valente,
	Giorgio},
  title = {The out-of-sample success of term structure models as exchange rate
	predictors: a step beyond},
  journal = {Journal of International Economics},
  year = {2003},
  volume = {60},
  pages = {61--83},
  number = {1},
  publisher = {Elsevier}
}

@ARTICLE{cochrane2005bond,
  author = {Cochrane, John.H. and Piazzesi, Monika},
  title = {Bond Risk Premia},
  journal = {American Economic Review},
  year = {2005},
  pages = {138--160},
  publisher = {JSTOR}
}

@ARTICLE{coroneo2011arbitrage,
  author = {Coroneo, L. and Nyholm, K. and Vidova-Koleva, R.},
  title = {How arbitrage-free is the Nelson-Siegel Model?},
  journal = {Journal of Empirical Finance},
  year = {2011},
  publisher = {Elsevier}
}

@ARTICLE{cox1985theory,
  author = {Cox, John C. and Ingersoll Jr, Jonathan E. and Ross, Stephen A.},
  title = {A theory of the term structure of interest rates},
  journal = {Econometrica: Journal of the Econometric Society},
  year = {1985},
  pages = {385--407},
  publisher = {JSTOR}
}

@ARTICLE{culbertson1957term,
  author = {Culbertson, John M},
  title = {The term structure of interest rates},
  journal = {The Quarterly Journal of Economics},
  year = {1957},
  volume = {71},
  pages = {485--517},
  number = {4},
  publisher = {Oxford University Press}
}

@ARTICLE{diebold2006forecasting,
  author = {Diebold, Francis X. and Li, Canlin},
  title = {Forecasting the term structure of government bond yields},
  journal = {Journal of Econometrics},
  year = {2006},
  volume = {130},
  pages = {337--364},
  number = {2},
  publisher = {Elsevier}
}

@ARTICLE{diebold2006macroeconomy,
  author = {Diebold, Francis X. and Rudebusch, Glenn D. and Bora\v{g}an Aruoba,
	S.},
  title = {The macroeconomy and the yield curve: a dynamic latent factor approach},
  journal = {Journal of Econometrics},
  year = {2006},
  volume = {131},
  pages = {309--338},
  number = {1},
  publisher = {Elsevier}
}

@ARTICLE{duffie1996yield,
  author = {Duffie, Durrell and Kan, Rui},
  title = {A yield-factor model of interest rates},
  journal = {Mathematical finance},
  year = {1996},
  volume = {6},
  pages = {379--406},
  number = {4},
  publisher = {Wiley Online Library}
}

@ARTICLE{fama2006behavior,
  author = {Eugene F. Fama},
  title = {The behavior of interest rates},
  journal = {Review of Financial Studies},
  year = {2006},
  volume = {19},
  pages = {359--379},
  number = {2},
  publisher = {Soc Financial Studies}
}

@ARTICLE{fama1990term,
  author = {Fama, Eugene F},
  title = {Term-structure forecasts of interest rates, inflation and real returns},
  journal = {Journal of Monetary Economics},
  year = {1990},
  volume = {25},
  pages = {59--76},
  number = {1},
  publisher = {Elsevier}
}

@ARTICLE{fama1987information,
  author = {Eugene F. Fama and Robert Bliss},
  title = {The information in long-maturity forward rates},
  journal = {The American Economic Review},
  year = {1987},
  pages = {680--692},
  publisher = {JSTOR}
}

@ARTICLE{farvaque2010central,
  author = {Farvaque, Etienne and H{\'e}ricourt, J\'{e}r\^{o}me and Lagadec,
	Ga\"{e}l},
  title = {Central bank independence and ageing},
  journal = {Applied Economics Letters},
  year = {2010},
  volume = {17},
  pages = {1167--1171},
  number = {12},
  publisher = {Taylor \& Francis}
}

@ARTICLE{farvaque2009intergenerational,
  author = {Farvaque, Etienne and Mihailov, Alexander},
  title = {Intergenerational transmission of inflation aversion: Theory and
	evidence},
  journal = {IRISS Working Paper Series},
  year = {2009},
  publisher = {IRISS at CEPS/INSTEAD}
}

@ARTICLE{favero2011demographic,
  author = {Favero, Carlo A. and Gozluklu, Arie E. and Tamoni, Andrea},
  title = {Demographic Trends, the Dividend-Price Ratio, and the Predictability
	of Long-Run Stock Market Returns},
  journal = {Journal of Financial and Quantitative Analysis},
  year = {2011},
  volume = {46},
  pages = {1493},
  number = {5},
  publisher = {Cambridge Univ Press}
}

@ARTICLE{favero2012demographics,
  author = {Favero, Carlo A. and Gozluklu, Arie E. and Yang, Haoxi},
  title = {Demographics and the Behavior of Interest Rates},
  journal = {IGIER Working Papers},
  year = {2012}
}

@ARTICLE{geanakoplos2004demography,
  author = {Geanakoplos, John and Magill, Michael and Quinzii, Martine},
  title = {Demography and the long-run predictability of the stock market},
  journal = {Brookings Papers on Economic Activity},
  year = {2004},
  volume = {2004},
  pages = {241--307},
  number = {1},
  publisher = {JSTOR}
}

@ARTICLE{gibson2010modeling,
  author = {Gibson, Rajna and Lhabitant, Francois-Serge and Talay, Denis},
  title = {Modeling the term structure of interest rates: a review of the literature},
  journal = {Foundations and Trends in Finance},
  year = {2010},
  volume = {5},
  number = {1-2}
}

@ARTICLE{goto2003conquest,
  author = {Goto, Shingo and Torous, Walter},
  title = {The conquest of US inflation: Its implications for the Fisher hypothesis
	and the term structure of nominal interest rates},
  journal = {University of South Carolina and UCLA, working paper (November)},
  year = {2003},
  publisher = {Citeseer}
}

@ARTICLE{harvey1993term,
  author = {Harvey, Campbell R},
  title = {Term structure forecasts economic growth},
  journal = {Financial Analysts Journal},
  year = {1993},
  pages = {6--8},
  publisher = {JSTOR}
}

@ARTICLE{heath1992bond,
  author = {Heath,David and Jarrow, Robert and Morton, Andrew},
  title = {Bond pricing and the term structure of interest rates: A new methodology
	for contingent claims valuation},
  journal = {Econometrica: Journal of the Econometric Society},
  year = {1992},
  pages = {77--105},
  publisher = {JSTOR}
}

@ARTICLE{ho1986term,
  author = {Ho, Thomas S. Y. and Lee, Sang-Bin},
  title = {Term structure movements and pricing interest rate contingent claims},
  journal = {Journal of Finance},
  year = {1986},
  pages = {1011--1029},
  publisher = {JSTOR}
}

@ARTICLE{hull1990pricing,
  author = {Hull, John and White, Alan},
  title = {Pricing interest-rate-derivative securities},
  journal = {Review of financial studies},
  year = {1990},
  volume = {3},
  pages = {573--592},
  number = {4},
  publisher = {Soc Financial Studies}
}

@ARTICLE{laurini2010bayesian,
  author = {Laurini, M\'{a}rcio P. and Hotta, Lutz K.},
  title = {Bayesian extensions to diebold-li term structure model},
  journal = {International Review of Financial Analysis},
  year = {2010},
  volume = {19},
  pages = {342--350},
  number = {5},
  publisher = {Elsevier}
}

@ARTICLE{litterman1991common,
  author = {Litterman, Robert B. and Scheinkman, Jos\'{e}},
  title = {Common factors affecting bond returns},
  journal = {The Journal of Fixed Income},
  year = {1991},
  volume = {1},
  pages = {54--61},
  number = {1},
  publisher = {Institutional Investor Journals}
}

@ARTICLE{mcculloch1971measuring,
  author = {McCulloch, J. Husto},
  title = {Measuring the term structure of interest rates},
  journal = {The Journal of Business},
  year = {1971},
  volume = {44},
  pages = {19--31},
  number = {1},
  publisher = {JSTOR}
}

@ARTICLE{miles2012demographics,
  author = {Miles, David},
  title = {Demographics, house prices and mortgage design},
  journal = {Bank of England},
  year = {2012}
}

@ARTICLE{modigliani1954utility,
  author = {Modigliani, Franco and Brumberg, Richard},
  title = {Utility analysis and the consumption function: An interpretation
	of cross-section data},
  journal = {FRANCO MODIGLIANI},
  year = {1954},
  pages = {1}
}

@ARTICLE{modigliani1966innovations,
  author = {Modigliani, Franco and Sutch, Richard},
  title = {Innovations in interest rate policy},
  journal = {The American Economic Review},
  year = {1966},
  pages = {178--197},
  publisher = {JSTOR}
}

@ARTICLE{monch2008forecasting,
  author = {Moench, Emanuel},
  title = {Forecasting the yield curve in a data-rich environment: A no-arbitrage
	factor-augmented VAR approach},
  journal = {Journal of Econometrics},
  year = {2008},
  volume = {146},
  pages = {26--43},
  number = {1},
  publisher = {Elsevier}
}

@ARTICLE{nelson1987parsimonious,
  author = {Nelson, Charles R. and Siegel, Andrew F.},
  title = {Parsimonious Modeling of Yield Curves},
  journal = {The Journal of Business},
  year = {1987},
  volume = {60},
  pages = {473--489},
  number = {4},
  lang = {#'zh'#}
}

@ARTICLE{pearson1994exploiting,
  author = {Pearson, Neil D and Sun, Tong-Sheng},
  title = {Exploiting the conditional density in estimating the term structure:
	An application to the Cox, Ingersoll, and Ross model},
  journal = {The Journal of Finance},
  year = {1994},
  volume = {49},
  pages = {1279--1304},
  number = {4},
  publisher = {Wiley Online Library}
}

@ARTICLE{piazzesi2010affine,
  author = {Piazzesi, Monika},
  title = {Affine term structure models},
  journal = {Handbook of financial econometrics},
  year = {2010},
  volume = {1},
  pages = {691--766},
  publisher = {Elsevier Science \& Technology}
}

@INPROCEEDINGS{poterba2004impact,
  author = {Poterba, James M},
  title = {The Impact of Population Aging on Financial Markets},
  booktitle = {Global demographic change: economic impacts and policy challenges:
	Jackson Hole, Wyoming, August 26-28, 2004: a symposium},
  year = {2004},
  pages = {163},
  organization = {Federal Reserve Bank of Kansas City}
}

@ARTICLE{poterba2001demographic,
  author = {Poterba, James M.},
  title = {Demographic structure and asset returns},
  journal = {Review of Economics and Statistics},
  year = {2001},
  pages = {565--584},
  publisher = {JSTOR}
}

@ARTICLE{shea1984pitfalls,
  author = {Shea, Gary S},
  title = {Pitfalls in smoothing interest rate term structure data: Equilibrium
	models and spline approximations},
  journal = {Journal of Financial and Quantitative Analysis},
  year = {1984},
  volume = {19},
  pages = {253--269},
  number = {03},
  publisher = {Cambridge Univ Press}
}

@ARTICLE{svensson1994estimating,
  author = {Svensson, Lar E.O.},
  title = {Estimating and interpreting forward interest rates: Sweden 1992-1994},
  year = {1994},
  institution = {National Bureau of Economic Research}
}

@ARTICLE{vasicek1977equilibrium,
  author = {Vasicek, Oldrich A.},
  title = {An equilibrium characterization of the term structure},
  journal = {Journal of financial economics},
  year = {1977},
  volume = {5},
  pages = {177--188},
  number = {2},
  publisher = {Elsevier}
}

@ARTICLE{vasicek1982term,
  author = {Vasicek, Oldrich A. and Fong, Gifford H.},
  title = {Term structure modeling using exponential splines},
  journal = {The Journal of Finance},
  year = {1982},
  volume = {37},
  pages = {339--348},
  number = {2},
  publisher = {JSTOR}
}

@ARTICLE{Yoo1994,
  author = {Yoo, Peter S},
  title = {Age dependent portfolio selection},
  journal = {Federal Reserve Bank of St. Louis Working Paper Series},
  year = {1994}
}

@ARTICLE{yoo1994age,
  author = {Yoo, Peter S},
  title = {Age distributions and returns of financial assets},
  journal = {Federal Reserve Bank of St. Louis Working Paper Series},
  year = {1994}
}

