@BOOK{lshort-cn,
  author =       {C\TeX{}~翻译小组},
  title =        {lshort~中文版~3.20},
  year =         {2003},
}

@BOOK{deng:01a,
  author =       {{邓建松,~彭冉冉,~陈长松}},
  title =        {\LaTeXe{}~科技排版指南},
  publisher =    {科学出版社,~书号:~7-03-009239-2/TP.1516},
  year =         {2001},
  address =      {北京},
}

@BOOK{wang:00a,
  author =       {王磊},
  title =        {\LaTeXe{}~插图指南},
  year =         {2000},
}

@BOOK{zhang:03a,
  author =       {张林波},
  title =        {关于新版~CCT~的说明},
  year =         {2003},
}

@book{lamport85a,
    author={Leslie Lamport},
    title={{LaTeX} --- A Document Preparation System: User's Guide and Reference Manual},
    publisher={Addison-Wesley},
    year={1985},
    address={Reading, Massachusetts},
    edition={2nd}
}

@book{knuth86a,
    author={Donald E. Knuth},
    title={The {TeX}book},
    publisher={Addison-Wesley},
    year={1986},
    volume={A},
    address={Reading, Massachusetts},
    series={Computers and Typesetting}
}

@book{knuth86b,
    author={Donald E. Knuth},
    title={{TeX}: The Program},
    publisher={Addison-Wesley},
    year={1986},
    volume={B},
    address={Reading, Massachusetts},
    series={Computers and Typesetting}
}

@book{knuth86c,
    author={Donald E. Knuth},
    title={The {METAFONT}book},
    publisher={Addison-Wesley},
    year={1986},
    volume={C},
    address={Reading, Massachusetts},
    series={Computers and Typesetting}
}

@book{knuth86d,
    author={Donald E. Knuth},
    title={{METAFONT}: The Program},
    publisher={Addison-Wesley},
    year={1986},
    volume={D},
    address={Reading, Massachusetts},
    series={Computers and Typesetting}
}

@book{knuth86e,
    author={Donald E. Knuth},
    title={Computer Modern Typefaces},
    publisher={Addison-Wesley},
    year={1986},
    volume={E},
    address={Reading, Massachusetts},
    series={Computers and Typesetting}
}

@BOOK{Zhouzhengfu:zhouyi1991,
  author =       {周振甫},
  title =        {周易译注},
  publisher =    {中华书局},
  year =         {1991},
  address =      {北京}
}

@ARTICLE{Helingxiu:Dugucheng1998,
  author =       {何龄修},
  title =        {读顾城《南明史》},
  journal =      {中国史研究},
  year =         {1998},
  number =       {3},
  pages =        {167--173},
}

%%%type选项可以用来替换“PhD Thesis”
%%%请在year选项中同时给出年月，以支持正确的年月顺序
@PHDTHESIS{Zhouhong:Dissertation96,
  AUTHOR =       {周红},
  TITLE =        {《一类混沌密码序列的设计方法及其有限精度实现问题分析》},
  SCHOOL =       {复旦大学电子工程系},
  type =         {博士学位论文},
  YEAR =         {1996年6月},
  address =      {上海},
  keywords =     {混沌，密码学},
  source =       {论文来源：复旦大学图书馆},
}

@PHDTHESIS{FengiHwu:Dissertation93,
  AUTHOR =       {Fengi Hwu},
  TITLE =        {The Interpolating Random Spline Cryptosystem and the Chaotic-Map Public-Key Cryptosystem},
  SCHOOL =       {Faculty of the Graduate School, University of Missouri - Rolla},
  YEAR =         {1993},
}

@MASTERSTHESIS{ChineseMasterThesis,
  AUTHOR =       {李四},
  TITLE =        {李四的硕士论文},
  SCHOOL =       {西安交通大学电子与信息工程学院},
  type =         {硕士学位论文},
  YEAR =         {1996年6月},
  address =      {中国西安},
  keywords =     {DSP，互联网},
  source =       {论文来源：西安交通大学图书馆},
}

%%%  type =         {应用},
@TECHREPORT{ChineseTR,
  AUTHOR =       {李树钧 and 牟轩沁},
  TITLE =        {如何进行科学研究},
  INSTITUTION =  {西安交通大学电信学院图象所},
  YEAR =         {2003年6月},
  type =         {内部技术报告: },
  number =       {西交[报]2003-11},
  address =      {西安市咸宁西路28号},
  keywords =     {科研，论文},
  source =       {报告来源：西安交通大学电信学院图象所},
  note =         {测试中文报告},
}

@TECHREPORT{Pokrovskii:MixedMoments:INSReport99,
  author =       {A.~V. Pokrovskii and A. Kent and J. McInerney},
  title =        {Mixed Moments of Random Mappings and Chaotic Dynamical Systems},
  INSTITUTION =  {Institute for Nonlinear Science (INS) at UCC},
  YEAR =         {1999},
  number =       {Report 99-003},
  address =      {University College, Cork, Ireland},
  month =        {March},
  source =       {\url{http://www.ucc.ie/ucc/depts/physics/ins/psfile/99_3.ps}},
}

@MISC{ChineseMisc,
  author =       {张三 and 李四},
  title =        {中文杂类文档},
  howpublished = {发表于西安交大兵马俑BBS},
  year =         {2003年6月},
  keywords =     {兵马俑，BBS},
  source =       {\url{http://bbs.xjtu.edu.cn}},
  note =         {测试中文杂类文档},
}

@MISC{Protopopescu:USPatent95,
  author =       {V.~A. Protopopescu and R.~T. Santoro and J.~S. Tollover},
  title =        {Fast and Secure Encryption -- Decryption Method Based on Chaotic Dynamics},
  howpublished = {US Patent No. 5479513},
  year =         {1995},
}

%%%volume/number需要写入series以支持正确的顺序
@INPROCEEDINGS{ChineseConferencePaper,
  author =       {张三},
  title =        {中文会议论文},
  booktitle =    {《密码学进展－ChinaCrypt'2000》},
  editor =       {王育民 and 肖国镇},
  series =       {《中国密码学年会会议论文集》, 第10卷，第3期},
  year =         {2000年8月},
  pages  =       {189--192},
  address =      {西安},
  publisher =    {中国科学出版社},
  organization = {中国密码学会},
  note =         {测试中文会议论文},
}

@inproceedings{mt,
  author        = "C. Rezk-Salama, K. Engel, M. Bauer, G. Greiner and T. Ertl",
  title         = "Interactive Volume Rendering on Standard PC Graphics Hardware Using Multi-Textures and Multi-Stage Rasterization",
  booktitle     = "Proc. Eurographics/SIGGRAPH Workshop on Graphics Hardware 2000 (HWWS00)",
  year          = "2000",
};
