% This file was created with JabRef 2.7.
% Encoding: GBK

@ARTICLE{dellavigna2005attention,
  author = {DellaVigna, Stefano and Pollet, Joshua M},
  title = {Attention, demographics, and the stock market},
  year = {2005},
  publisher = {National Bureau of Economic Research}
}

@BOOK{malthus1798essay,
  title = {An essay on the principle of population},
  publisher = {J. Johnson, London},
  year = {1798},
  author = {Thomas Robert Malthus}
}

